% Encoding: UTF-8

@Article{wang2016factor,
  author  = {Wang, Dong and Liu, Xialu and Chen, Rong},
  journal = {Journal of Econometrics},
  title   = {Factor Models for Matrix-Valued High-Dimensional Time Series},
  year    = {2019},
  pages   = {231-248},
  volume  = {208},
}

@Article{chen2017constrained,
  author  = {Chen, Elynn Yi and Tsay, Ruey S and Chen, Rong},
  journal = {Journal of the American Statitical Association},
  title   = {Constrained Factor Models for High-Dimensional Matrix-Variate Time Series},
  year    = {2020},
  pages   = {775-793},
  volume  = {115},
}

@Article{kolda2009tensor,
  author    = {Kolda, Tamara G and Bader, Brett W},
  journal   = {SIAM Review},
  title     = {Tensor decompositions and applications},
  year      = {2009},
  pages     = {455--500},
  volume    = {51},
  publisher = {SIAM},
}

@Article{delathauwer2000multilinear,
  author    = {De Lathauwer, Lieven and De Moor, Bart and Vandewalle, Joos},
  journal   = {SIAM Journal on Matrix Analysis and Applications},
  title     = {A multilinear singular value decomposition},
  year      = {2000},
  pages     = {1253--1278},
  volume    = {21},
  publisher = {SIAM},
}

@Article{wang2019high,
  author  = {Wang, Di and Zheng, Yao Lian, Heng and and Li, Guodong},
  title   = {High-dimensional vector autoregressive time series modeling via tensor decomposition},
  year    = {2020},
  journal = {Journal of the American Statistical Association},
  note = {To appear}
}

@InProceedings{tomioka2013convex,
  author    = {Tomioka, Ryota and Suzuki, Taiji},
  booktitle = {Advances in Neural Information Processing Systems (NIPS)},
  title     = {Convex tensor decomposition via structured Schatten norm regularization},
  year      = {2013},
  pages     = {1331--1339},
}

@Article{negahban2012unified,
  author    = {Negahban, Sahand N and Ravikumar, Pradeep and Wainwright, Martin J and Yu, Bin and others},
  journal   = {Statistical Science},
  title     = {A unified framework for high-dimensional analysis of \textit{M}-estimators with decomposable regularizers},
  year      = {2012},
  pages     = {538--557},
  volume    = {27},
  publisher = {Institute of Mathematical Statistics},
}

@Article{chen2018autoregressive,
  title={Autoregressive models for matrix-valued time series},
  author={Chen, Rong and Xiao, Han and Yang, Dan},
  journal={Journal of Econometrics},
  year={2020},
  publisher={Elsevier},
  note={To appear}
}

@Article{shapiro1986asymptotic,
  author    = {Shapiro, Alexander},
  journal   = {Journal of the American Statistical Association},
  title     = {Asymptotic theory of overparameterized structural models},
  year      = {1986},
  pages     = {142--149},
  volume    = {81},
  publisher = {Taylor \& Francis Group},
}

@Article{basu2015regularized,
  author    = {Basu, Sumanta and Michailidis, George},
  journal   = {Annals of Statistics},
  title     = {Regularized estimation in sparse high-dimensional time series models},
  year      = {2015},
  pages     = {1535--1567},
  volume    = {43},
  publisher = {Institute of Mathematical Statistics},
}

@Article{liu2013tensor,
  author    = {Liu, Ji and Musialski, Przemyslaw and Wonka, Peter and Ye, Jieping},
  journal   = {IEEE Transactions on Pattern Analysis and Machine Intelligence},
  title     = {Tensor completion for estimating missing values in visual data},
  year      = {2013},
  pages     = {208--220},
  volume    = {35},
  publisher = {IEEE},
}

@Article{gandy2011tensor,
  author    = {Gandy, Silvia and Recht, Benjamin and Yamada, Isao},
  journal   = {Inverse Problems},
  title     = {Tensor completion and low-n-rank tensor recovery via convex optimization},
  year      = {2011},
  pages     = {025010},
  volume    = {27},
  publisher = {IOP Publishing},
}

@inproceedings{mu2014square,
  title={Square deal: Lower bounds and improved relaxations for tensor recovery},
  author={Mu, Cun and Huang, Bo and Wright, John and Goldfarb, Donald},
  booktitle={International Conference on Machine Learning},
  pages={73--81},
  year={2014}
}

@Article{raskutti2019convex,
  author  = {Raskutti, Garvesh and Yuan, Ming and Chen, Han},
  journal = {Annals of Statistics},
  title   = {Convex regularization for high-dimensional multi-response tensor regression},
  year    = {2019},
  pages   = {1554-1584},
  volume  = {47},
}

@article{anderson1955integral,
  title={The integral of a symmetric unimodal function over a symmetric convex set and some probability inequalities},
  author={Anderson, Theodore W},
  journal={Proceedings of the American Mathematical Society},
  volume={6},
  number={2},
  pages={170--176},
  year={1955},
  publisher={JSTOR}
}

@article{slepian1962one,
  title={The one-sided barrier problem for Gaussian noise},
  author={Slepian, David},
  journal={Bell System Technical Journal},
  volume={41},
  number={2},
  pages={463--501},
  year={1962},
  publisher={Wiley Online Library}
}

@article{laurent2000adaptive,
  title={Adaptive estimation of a quadratic functional by model selection},
  author={Laurent, Beatrice and Massart, Pascal},
  journal={The Annals of Statistics},
  pages={1302--1338},
  year={2000},
  publisher={JSTOR}
}

@Article{negahban2011estimation,
  author    = {Negahban, Sahand and Wainwright, Martin J},
  journal   = {Annals of Statistics},
  title     = {Estimation of (near) low-rank matrices with noise and high-dimensional scaling},
  year      = {2011},
  pages     = {1069--1097},
  volume    = {39},
  publisher = {Institute of Mathematical Statistics},
}

@article{izenman1975reduced,
  title={Reduced-rank regression for the multivariate linear model},
  author={Izenman, Alan Julian},
  journal={Journal of multivariate analysis},
  volume={5},
  number={2},
  pages={248--264},
  year={1975},
  publisher={Elsevier}
}

@Article{boyd2011distributed,
  author    = {Boyd, Stephen and Parikh, Neal and Chu, Eric and Peleato, Borja and Eckstein, Jonathan and others},
  journal   = {Foundations and Trends{\textregistered} in Machine learning},
  title     = {Distributed optimization and statistical learning via the alternating direction method of multipliers},
  year      = {2011},
  pages     = {1--122},
  volume    = {3},
  publisher = {Now Publishers, Inc.},
}

@Article{lam2012factor,
  author    = {Lam, Clifford and Yao, Qiwei and others},
  journal   = {Annals of Statistics},
  title     = {Factor modeling for high-dimensional time series: inference for the number of factors},
  year      = {2012},
  pages     = {694--726},
  volume    = {40},
  publisher = {Institute of Mathematical Statistics},
}

@article{kock2015oracle,
  title={Oracle inequalities for high dimensional vector autoregressions},
  author={Kock, Anders Bredahl and Callot, Laurent},
  journal={Journal of Econometrics},
  volume={186},
  number={2},
  pages={325--344},
  year={2015},
  publisher={Elsevier}
}

@Article{han2015direct,
  author    = {Han, Fang and Lu, Huanran and Liu, Han},
  journal   = {Journal of Machine Learning Research},
  title     = {A direct estimation of high dimensional stationary vector autoregressions},
  year      = {2015},
  pages     = {3115--3150},
  volume    = {16},
  publisher = {JMLR. org},
}

@Article{mirsky1960symmetric,
  author    = {Mirsky, Leon},
  journal   = {Quarterly Journal of Mathematics},
  title     = {Symmetric gauge functions and unitarily invariant norms},
  year      = {1960},
  pages     = {50--59},
  volume    = {11},
  publisher = {Oxford University Press},
}

@Unpublished{chen2019modeling,
  author  = {Chen, Elynn Y and Chen, Rong},
  note    = {arXiv:1901.00769 [econ.EM]},
  title   = {Modeling Dynamic Transport Network with Matrix Factor Models: with an Application to International Trade Flow},
  year    = {2019},
  journal = {Preprint arXiv:1901.00769},
}

@article{rohde2011estimation,
  title={Estimation of high-dimensional low-rank matrices},
  author={Rohde, Angelika and Tsybakov, Alexandre B and others},
  journal={The Annals of Statistics},
  volume={39},
  number={2},
  pages={887--930},
  year={2011},
  publisher={Institute of Mathematical Statistics}
}

@article{chen2013reduced,
  title={Reduced rank regression via adaptive nuclear norm penalization},
  author={Chen, Kun and Dong, Hongbo and Chan, Kung-Sik},
  journal={Biometrika},
  volume={100},
  number={4},
  pages={901--920},
  year={2013},
  publisher={Oxford University Press}
}

@Article{tucker1966some,
  author    = {Tucker, Ledyard R},
  journal   = {Psychometrika},
  title     = {Some mathematical notes on three-mode factor analysis},
  year      = {1966},
  pages     = {279--311},
  volume    = {31},
  publisher = {Springer},
}

@Unpublished{chen2019factor,
  author  = {Chen, Rong and Yang, Dan and Zhang, Cun-Hui},
  note    = {arXiv:1905.07530v2 [stat.ME]},
  title   = {Factor Models for High-Dimensional Tensor Time Series},
  year    = {2020},
  journal = {arXiv preprint arXiv:1905.07530},
}


@article{liebscher2005towards,
	title={Towards a unified approach for proving geometric ergodicity and mixing properties of nonlinear autoregressive processes},
	author={Liebscher, Eckhard},
	journal={Journal of Time Series Analysis},
	volume={26},
	number={5},
	pages={669--689},
	year={2005},
	publisher={Wiley Online Library}
}

@phdthesis{wong2017lasso,
	title={Lasso Guarantees for Dependent Data},
	author={Wong, Kam Chung},
	year={2017}
}

@Book{wainwright2019high,
  author    = {Wainwright, Martin J},
  publisher = {Cambridge University Press},
  title     = {High-dimensional statistics: A non-asymptotic viewpoint},
  year      = {2019},
}

@article{bickel2009simultaneous,
  title={Simultaneous analysis of Lasso and Dantzig selector},
  author={Bickel, Peter J and Ritov, Yaâ€™acov and Tsybakov, Alexandre B and others},
  journal={The Annals of Statistics},
  volume={37},
  number={4},
  pages={1705--1732},
  year={2009},
  publisher={Institute of Mathematical Statistics}
}

@Article{negahban2012restricted,
  author  = {Negahban, Sahand and Wainwright, Martin J},
  journal = {Journal of Machine Learning Research},
  title   = {Restricted strong convexity and weighted matrix completion: Optimal bounds with noise},
  year    = {2012},
  pages   = {1665--1697},
  volume  = {13},
}

@InProceedings{tomioka2011statistical,
  author    = {Tomioka, Ryota and Suzuki, Taiji and Hayashi, Kohei and Kashima, Hisashi},
  booktitle = {Advances in Neural Information Processing Systems (NIPS)},
  title     = {Statistical performance of convex tensor decomposition},
  year      = {2011},
  pages     = {972--980},
}

@Article{candes2011tight,
  author    = {Candes, Emmanuel J and Plan, Yaniv},
  journal   = {IEEE Transactions on Information Theory},
  title     = {Tight oracle inequalities for low-rank matrix recovery from a minimal number of noisy random measurements},
  year      = {2011},
  pages     = {2342--2359},
  volume    = {57},
  publisher = {IEEE},
}
@Article{zheng20,
  author  = {Yao Zheng and Guang Cheng},
  journal = {Biometrika},
  title   = {Finite time analysis of vector autoregressive models under linear restrictions},
  year    = {2020},
  note    = {To appear},
}

@Article{hoff15,
  author  = {Peter D. Hoff},
  journal = {Annals of Applied Statistics},
  title   = {Multilinear tensor regression for longitudinal relational data},
  year    = {2015},
  pages   = {1169-1193},
  volume  = {9},
}

@Article{ZX18,
  author  = {Anru Zhang and Dong Xia},
  journal = {IEEE Transactions on Information Theory},
  title   = {Tensor SVD: Statistical and Computational Limits},
  year    = {2018},
  pages   = {7311-7338},
  volume  = {64},
}

@InCollection{SW11,
  author    = {James H. Stock and Mark W. Watson},
  booktitle = {Oxford Handbook of Economic Forecasting},
  publisher = {Oxford University Press},
  title     = {Dynamic factor models},
  year      = {2011},
  editor    = {Michael P. Clements and David F. Hendry},
}

@Article{BW16,
  author    = {Bai, Jushan and Wang, Peng},
  journal   = {Annual Review of Economics},
  title     = {Econometric analysis of large factor models},
  year      = {2016},
  pages     = {53--80},
  volume    = {8},
  publisher = {Annual Reviews},
}

@Article{DingCook18,
  author  = {Shanshan Ding and R. Dennis Cook},
  journal = {Journal of the Royal Statistical Society: Series B},
  title   = {Matrix variate regressions and envelope models},
  year    = {2018},
  pages   = {387-408},
  volume  = {80},
}

@article{FF93,
	title={Common risk factors in the returns on stocks and bonds},
	author={Fama, Eugene F and French, Kenneth R},
	journal={Journal of Financial Economics},
	volume={33},
	pages={3--56},
	year={1993}
}

@Unpublished{Han_Xu_Liu2015,
  author = {Fang Han and Sheng Xu and Han Liu},
  title  = {Rate-optimal estimation of a high-dimensional semiparametric time series model},
  note   = {Preprint},
  year   = {2015},
}

@article{walden2002wavelet,
	title={Wavelet analysis of matrix--valued time--series},
	author={Walden, AT and Serroukh, A},
	journal={Proceedings of the Royal Society of London. Series A: Mathematical, Physical and Engineering Sciences},
	volume={458},
	pages={157--179},
	year={2002},
	publisher={The Royal Society}
}

@Book{Vershynin2018,
  title     = {High-Dimensional Probability: An Introduction with Applications in Data Science},
  publisher = {Cambridge University Press},
  year      = {2018},
  author    = {Roman Vershynin},
  address   = {Cambridge},
}

@Article{fama2015five,
  author    = {Fama, Eugene F and French, Kenneth R},
  journal   = {Journal of Financial Economics},
  title     = {A five-factor asset pricing model},
  year      = {2015},
  pages     = {1--22},
  volume    = {116},
  publisher = {Elsevier},
}

@Unpublished{French_data,
  author = {Kenneth R. French},
  note   = {Available at \url{http://mba.tuck.dartmouth.edu/pages/faculty/ken.french/data_library.html}},
  title  = {Data library: {U.S.} Research Returns Data},
  year   = {2020},
}

@article{Zhou13,
	title={Tensor regression with applications in neuroimaging data analysis},
	author={Zhou, Hua and Li, Lexin and Zhu, Hongtu},
	journal={Journal of the American Statistical Association},
	volume={108},
	pages={540--552},
	year={2013},
	publisher={Taylor \& Francis Group}
}

@Article{bi2018multilayer,
  author    = {Bi, Xuan and Qu, Annie and Shen, Xiaotong},
  journal   = {Annals of Statistics},
  title     = {Multilayer tensor factorization with applications to recommender systems},
  year      = {2018},
  pages     = {3308--3333},
  volume    = {46},
  publisher = {Institute of Mathematical Statistics},
}

@inproceedings{frandsen2019understanding,
	title={Understanding Composition of Word Embeddings via Tensor Decomposition},
	author={Frandsen, Abraham and Ge, Rong},
	booktitle={International Conference on Learning Representations},
	year={2019}
}

@Article{li2018tucker,
  author    = {Li, Xiaoshan and Xu, Da and Zhou, Hua and Li, Lexin},
  journal   = {Statistics in Biosciences},
  title     = {Tucker tensor regression and neuroimaging analysis},
  year      = {2018},
  pages     = {520--545},
  volume    = {10},
  publisher = {Springer},
}

@Article{Davis2016,
	author  = {Richard A. Davis and Pengfei Zang and Tian Zheng},
	title   = {Sparse Vector Autoregressive Modeling},
	journal = {Journal of Computational and Graphical Statistics},
	year    = {2016},
	volume  = {25},
	pages   = {1077-1096},
}

@article{chen2019non,
	title={Non-convex projected gradient descent for generalized low-rank tensor regression},
	author={Chen, Han and Raskutti, Garvesh and Yuan, Ming},
	journal={The Journal of Machine Learning Research},
	volume={20},
	number={1},
	pages={172--208},
	year={2019},
	publisher={JMLR. org}
}

@article{han2020optimal,
	title={An Optimal Statistical and Computational Framework for Generalized Tensor Estimation},
	author={Han, Rungang and Willett, Rebecca and Zhang, Anru},
	journal={arXiv preprint arXiv:2002.11255},
	year={2020}
}

@Comment{jabref-meta: databaseType:bibtex;}
